01REMESSA01COBRANCA       110200123450        Stoq Roupas e Acessorios Ltda 341BANCO ITAU SA  080412                                                                                                                                                                                                                                                                                                      000001
10224198774732235110200123450    00001/10 Bill for sale 00123 000004000000000000000109                     I01000000040030051100000000001003410000099N300511800800000000000003005110000000000123000000000000000000000000000100000000000000Client                                  Mainstreet 138, Compl                   Cidade Araci12345678Los Angeles    Ca                                  00000002 000002
22300520110000000001100                                                                                                                                                                                                                                                                                                                                                                                   000003
10224198774732235110200123450    00002/10 Bill for sale 00123 000004010000000000000109                     I01000000040131051100000000001003410000099N300511800800000000000003105110000000000123000000000000000000000000000100000000000000Client                                  Mainstreet 138, Compl                   Cidade Araci12345678Los Angeles    Ca                                  00000002 000004
22310520110000000001100                                                                                                                                                                                                                                                                                                                                                                                   000005
10224198774732235110200123450    00003/10 Bill for sale 00123 000004020000000000000109                     I01000000040201061100000000001003410000099N300511800800000000000000106110000000000123000000000000000000000000000100000000000000Client                                  Mainstreet 138, Compl                   Cidade Araci12345678Los Angeles    Ca                                  00000002 000006
22010620110000000001100                                                                                                                                                                                                                                                                                                                                                                                   000007
10224198774732235110200123450    00004/10 Bill for sale 00123 000004030000000000000109                     I01000000040302061100000000001003410000099N300511800800000000000000206110000000000123000000000000000000000000000100000000000000Client                                  Mainstreet 138, Compl                   Cidade Araci12345678Los Angeles    Ca                                  00000002 000008
22020620110000000001100                                                                                                                                                                                                                                                                                                                                                                                   000009
10224198774732235110200123450    00005/10 Bill for sale 00123 000004040000000000000109                     I01000000040403061100000000001003410000099N300511800800000000000000306110000000000123000000000000000000000000000100000000000000Client                                  Mainstreet 138, Compl                   Cidade Araci12345678Los Angeles    Ca                                  00000002 000010
22030620110000000001100                                                                                                                                                                                                                                                                                                                                                                                   000011
10224198774732235110200123450    00006/10 Bill for sale 00123 000004050000000000000109                     I01000000040504061100000000001003410000099N300511800800000000000000406110000000000123000000000000000000000000000100000000000000Client                                  Mainstreet 138, Compl                   Cidade Araci12345678Los Angeles    Ca                                  00000002 000012
22040620110000000001100                                                                                                                                                                                                                                                                                                                                                                                   000013
10224198774732235110200123450    00007/10 Bill for sale 00123 000004060000000000000109                     I01000000040605061100000000001003410000099N300511800800000000000000506110000000000123000000000000000000000000000100000000000000Client                                  Mainstreet 138, Compl                   Cidade Araci12345678Los Angeles    Ca                                  00000002 000014
22050620110000000001100                                                                                                                                                                                                                                                                                                                                                                                   000015
10224198774732235110200123450    00008/10 Bill for sale 00123 000004070000000000000109                     I01000000040706061100000000001003410000099N300511800800000000000000606110000000000123000000000000000000000000000100000000000000Client                                  Mainstreet 138, Compl                   Cidade Araci12345678Los Angeles    Ca                                  00000002 000016
22060620110000000001100                                                                                                                                                                                                                                                                                                                                                                                   000017
10224198774732235110200123450    00009/10 Bill for sale 00123 000004080000000000000109                     I01000000040807061100000000001003410000099N300511800800000000000000706110000000000123000000000000000000000000000100000000000000Client                                  Mainstreet 138, Compl                   Cidade Araci12345678Los Angeles    Ca                                  00000002 000018
22070620110000000001100                                                                                                                                                                                                                                                                                                                                                                                   000019
10224198774732235110200123450    000010/10 Bill for sale 00123000004090000000000000109                     I01000000040908061100000000001003410000099N300511800800000000000000806110000000000123000000000000000000000000000100000000000000Client                                  Mainstreet 138, Compl                   Cidade Araci12345678Los Angeles    Ca                                  00000002 000020
22080620110000000001100                                                                                                                                                                                                                                                                                                                                                                                   000021
9                                                                                                                                                                                                                                                                                                                                                                                                         000022
