01REMESSA01COBRANCA       110200123450        Stoq Roupas e Acessorios Ltda 341BANCO ITAU SA  080412                                                                                                                                                                                                                                                                                                      000001
10224198774732235110200123450    000010/10 Bill for sale 00123000004090000000000000109                     I0100409     08061100000000001003410000001N300511800800000000000000806110000000000123000000000000000000000000000100000000000000Client                                  Mainstreet 138                          Cidade Araci12345678Los Angeles    Ca                                  00000002 000020
22080620110000000000011                                                                                                                                                                                                                                                                                                                                                                                   000021
10224198774732235110200123450    000010/10 Bill for sale 00123000004090000000000000109                     I0100409     08061100000000001003410000001N300511800800000000000000806110000000000123000000000000000000000000000100000000000000Client                                  Mainstreet 138                          Cidade Araci12345678Los Angeles    Ca                                  00000002 000020
22080620110000000000011                                                                                                                                                                                                                                                                                                                                                                                   000021
10224198774732235110200123450    000010/10 Bill for sale 00123000004090000000000000109                     I0100409     08061100000000001003410000001N300511800800000000000000806110000000000123000000000000000000000000000100000000000000Client                                  Mainstreet 138                          Cidade Araci12345678Los Angeles    Ca                                  00000002 000020
22080620110000000000011                                                                                                                                                                                                                                                                                                                                                                                   000021
10224198774732235110200123450    000010/10 Bill for sale 00123000004090000000000000109                     I0100409     08061100000000001003410000001N300511800800000000000000806110000000000123000000000000000000000000000100000000000000Client                                  Mainstreet 138                          Cidade Araci12345678Los Angeles    Ca                                  00000002 000020
22080620110000000000011                                                                                                                                                                                                                                                                                                                                                                                   000021
10224198774732235110200123450    000010/10 Bill for sale 00123000004090000000000000109                     I0100409     08061100000000001003410000001N300511800800000000000000806110000000000123000000000000000000000000000100000000000000Client                                  Mainstreet 138                          Cidade Araci12345678Los Angeles    Ca                                  00000002 000020
22080620110000000000011                                                                                                                                                                                                                                                                                                                                                                                   000021
10224198774732235110200123450    000010/10 Bill for sale 00123000004090000000000000109                     I0100409     08061100000000001003410000001N300511800800000000000000806110000000000123000000000000000000000000000100000000000000Client                                  Mainstreet 138                          Cidade Araci12345678Los Angeles    Ca                                  00000002 000020
22080620110000000000011                                                                                                                                                                                                                                                                                                                                                                                   000021
10224198774732235110200123450    000010/10 Bill for sale 00123000004090000000000000109                     I0100409     08061100000000001003410000001N300511800800000000000000806110000000000123000000000000000000000000000100000000000000Client                                  Mainstreet 138                          Cidade Araci12345678Los Angeles    Ca                                  00000002 000020
22080620110000000000011                                                                                                                                                                                                                                                                                                                                                                                   000021
10224198774732235110200123450    000010/10 Bill for sale 00123000004090000000000000109                     I0100409     08061100000000001003410000001N300511800800000000000000806110000000000123000000000000000000000000000100000000000000Client                                  Mainstreet 138                          Cidade Araci12345678Los Angeles    Ca                                  00000002 000020
22080620110000000000011                                                                                                                                                                                                                                                                                                                                                                                   000021
10224198774732235110200123450    000010/10 Bill for sale 00123000004090000000000000109                     I0100409     08061100000000001003410000001N300511800800000000000000806110000000000123000000000000000000000000000100000000000000Client                                  Mainstreet 138                          Cidade Araci12345678Los Angeles    Ca                                  00000002 000020
22080620110000000000011                                                                                                                                                                                                                                                                                                                                                                                   000021
10224198774732235110200123450    000010/10 Bill for sale 00123000004090000000000000109                     I0100409     08061100000000001003410000001N300511800800000000000000806110000000000123000000000000000000000000000100000000000000Client                                  Mainstreet 138                          Cidade Araci12345678Los Angeles    Ca                                  00000002 000020
22080620110000000000011                                                                                                                                                                                                                                                                                                                                                                                   000021
9                                                                                                                                                                                                                                                                                                                                                                                                         000022
