34100000         224198774732235                    01102 000009000150 9Stoq Roupas e Acessorios Ltda BANCO ITAU SA                           10804201200120600000104000000                                                      000            
34100011R0100030 2024198774732235                    01102 000009000150 9Stoq Roupas e Acessorios Ltda                                                                                 000000000000000008042012                                 
3410001300028P 0101102 000009000150 9109000004093        0000000409          0806201100000000000010000000002N30052011000000000000000000000000000000000000000000000000000000000000000000000000000000                         3000000000000000000 
3410001300029Q 011000000000000000Client                                  Mainstreet 138, Cidade Araci            Cidade Araci   12345678Los Angeles    Ca0000000000000000                                        000                            
3410001300030R 01000000000000000000000000000000000000000000000000000000000000000000000000                                                                                                              0000000000000000 000000000000  0         
3410001300028P 0101102 000009000150 9109000004093        0000000409          0806201100000000000010000000002N30052011000000000000000000000000000000000000000000000000000000000000000000000000000000                         3000000000000000000 
3410001300029Q 011000000000000000Client                                  Mainstreet 138, Cidade Araci            Cidade Araci   12345678Los Angeles    Ca0000000000000000                                        000                            
3410001300030R 01000000000000000000000000000000000000000000000000000000000000000000000000                                                                                                              0000000000000000 000000000000  0         
3410001300028P 0101102 000009000150 9109000004093        0000000409          0806201100000000000010000000002N30052011000000000000000000000000000000000000000000000000000000000000000000000000000000                         3000000000000000000 
3410001300029Q 011000000000000000Client                                  Mainstreet 138, Cidade Araci            Cidade Araci   12345678Los Angeles    Ca0000000000000000                                        000                            
3410001300030R 01000000000000000000000000000000000000000000000000000000000000000000000000                                                                                                              0000000000000000 000000000000  0         
3410001300028P 0101102 000009000150 9109000004093        0000000409          0806201100000000000010000000002N30052011000000000000000000000000000000000000000000000000000000000000000000000000000000                         3000000000000000000 
3410001300029Q 011000000000000000Client                                  Mainstreet 138, Cidade Araci            Cidade Araci   12345678Los Angeles    Ca0000000000000000                                        000                            
3410001300030R 01000000000000000000000000000000000000000000000000000000000000000000000000                                                                                                              0000000000000000 000000000000  0         
3410001300028P 0101102 000009000150 9109000004093        0000000409          0806201100000000000010000000002N30052011000000000000000000000000000000000000000000000000000000000000000000000000000000                         3000000000000000000 
3410001300029Q 011000000000000000Client                                  Mainstreet 138, Cidade Araci            Cidade Araci   12345678Los Angeles    Ca0000000000000000                                        000                            
3410001300030R 01000000000000000000000000000000000000000000000000000000000000000000000000                                                                                                              0000000000000000 000000000000  0         
3410001300028P 0101102 000009000150 9109000004093        0000000409          0806201100000000000010000000002N30052011000000000000000000000000000000000000000000000000000000000000000000000000000000                         3000000000000000000 
3410001300029Q 011000000000000000Client                                  Mainstreet 138, Cidade Araci            Cidade Araci   12345678Los Angeles    Ca0000000000000000                                        000                            
3410001300030R 01000000000000000000000000000000000000000000000000000000000000000000000000                                                                                                              0000000000000000 000000000000  0         
3410001300028P 0101102 000009000150 9109000004093        0000000409          0806201100000000000010000000002N30052011000000000000000000000000000000000000000000000000000000000000000000000000000000                         3000000000000000000 
3410001300029Q 011000000000000000Client                                  Mainstreet 138, Cidade Araci            Cidade Araci   12345678Los Angeles    Ca0000000000000000                                        000                            
3410001300030R 01000000000000000000000000000000000000000000000000000000000000000000000000                                                                                                              0000000000000000 000000000000  0         
3410001300028P 0101102 000009000150 9109000004093        0000000409          0806201100000000000010000000002N30052011000000000000000000000000000000000000000000000000000000000000000000000000000000                         3000000000000000000 
3410001300029Q 011000000000000000Client                                  Mainstreet 138, Cidade Araci            Cidade Araci   12345678Los Angeles    Ca0000000000000000                                        000                            
3410001300030R 01000000000000000000000000000000000000000000000000000000000000000000000000                                                                                                              0000000000000000 000000000000  0         
3410001300028P 0101102 000009000150 9109000004093        0000000409          0806201100000000000010000000002N30052011000000000000000000000000000000000000000000000000000000000000000000000000000000                         3000000000000000000 
3410001300029Q 011000000000000000Client                                  Mainstreet 138, Cidade Araci            Cidade Araci   12345678Los Angeles    Ca0000000000000000                                        000                            
3410001300030R 01000000000000000000000000000000000000000000000000000000000000000000000000                                                                                                              0000000000000000 000000000000  0         
3410001300028P 0101102 000009000150 9109000004093        0000000409          0806201100000000000010000000002N30052011000000000000000000000000000000000000000000000000000000000000000000000000000000                         3000000000000000000 
3410001300029Q 011000000000000000Client                                  Mainstreet 138, Cidade Araci            Cidade Araci   12345678Los Angeles    Ca0000000000000000                                        000                            
3410001300030R 01000000000000000000000000000000000000000000000000000000000000000000000000                                                                                                              0000000000000000 000000000000  0         
34100015         0000310000100000000000000000000000000000000000000000000000000000000000000000000000000000000000000000000000                                                                                                                     
34199999         000001000034000000                                                                                                                                                                                                             
