00100000         2241987747322350000000             01102 000009000150 0Stoq Roupas e Acessorios Ltda BANCO DO BRASIL                         10804201200120600000108300000                    00000000000000000000                             
00100011R0100042 20241987747322350000000             01102 000009000150 0Stoq Roupas e Acessorios Ltda                                                                                 000000000000000000000000                                 
0010001300028P 0101102 000009000150 000000000000000409   11 2200409          0806201100000000000010000000002N30052011300000000000000000000000000000000000000000000000000000000000000000000000000000                         3000000090000000000 
0010001300029Q 011000000000000000Client                                  Mainstreet 138, Cidade Araci            Cidade Araci   12345678Los Angeles    Ca0000000000000000                                        000                            
0010001300030R 01000000000000000000000000000000000000000000000000000000000000000000000000                                                                                                              0000000000000000 000000000000  0         
0010001300028P 0101102 000009000150 000000000000000409   11 2200409          0806201100000000000010000000002N30052011300000000000000000000000000000000000000000000000000000000000000000000000000000                         3000000090000000000 
0010001300029Q 011000000000000000Client                                  Mainstreet 138, Cidade Araci            Cidade Araci   12345678Los Angeles    Ca0000000000000000                                        000                            
0010001300030R 01000000000000000000000000000000000000000000000000000000000000000000000000                                                                                                              0000000000000000 000000000000  0         
0010001300028P 0101102 000009000150 000000000000000409   11 2200409          0806201100000000000010000000002N30052011300000000000000000000000000000000000000000000000000000000000000000000000000000                         3000000090000000000 
0010001300029Q 011000000000000000Client                                  Mainstreet 138, Cidade Araci            Cidade Araci   12345678Los Angeles    Ca0000000000000000                                        000                            
0010001300030R 01000000000000000000000000000000000000000000000000000000000000000000000000                                                                                                              0000000000000000 000000000000  0         
0010001300028P 0101102 000009000150 000000000000000409   11 2200409          0806201100000000000010000000002N30052011300000000000000000000000000000000000000000000000000000000000000000000000000000                         3000000090000000000 
0010001300029Q 011000000000000000Client                                  Mainstreet 138, Cidade Araci            Cidade Araci   12345678Los Angeles    Ca0000000000000000                                        000                            
0010001300030R 01000000000000000000000000000000000000000000000000000000000000000000000000                                                                                                              0000000000000000 000000000000  0         
0010001300028P 0101102 000009000150 000000000000000409   11 2200409          0806201100000000000010000000002N30052011300000000000000000000000000000000000000000000000000000000000000000000000000000                         3000000090000000000 
0010001300029Q 011000000000000000Client                                  Mainstreet 138, Cidade Araci            Cidade Araci   12345678Los Angeles    Ca0000000000000000                                        000                            
0010001300030R 01000000000000000000000000000000000000000000000000000000000000000000000000                                                                                                              0000000000000000 000000000000  0         
0010001300028P 0101102 000009000150 000000000000000409   11 2200409          0806201100000000000010000000002N30052011300000000000000000000000000000000000000000000000000000000000000000000000000000                         3000000090000000000 
0010001300029Q 011000000000000000Client                                  Mainstreet 138, Cidade Araci            Cidade Araci   12345678Los Angeles    Ca0000000000000000                                        000                            
0010001300030R 01000000000000000000000000000000000000000000000000000000000000000000000000                                                                                                              0000000000000000 000000000000  0         
0010001300028P 0101102 000009000150 000000000000000409   11 2200409          0806201100000000000010000000002N30052011300000000000000000000000000000000000000000000000000000000000000000000000000000                         3000000090000000000 
0010001300029Q 011000000000000000Client                                  Mainstreet 138, Cidade Araci            Cidade Araci   12345678Los Angeles    Ca0000000000000000                                        000                            
0010001300030R 01000000000000000000000000000000000000000000000000000000000000000000000000                                                                                                              0000000000000000 000000000000  0         
0010001300028P 0101102 000009000150 000000000000000409   11 2200409          0806201100000000000010000000002N30052011300000000000000000000000000000000000000000000000000000000000000000000000000000                         3000000090000000000 
0010001300029Q 011000000000000000Client                                  Mainstreet 138, Cidade Araci            Cidade Araci   12345678Los Angeles    Ca0000000000000000                                        000                            
0010001300030R 01000000000000000000000000000000000000000000000000000000000000000000000000                                                                                                              0000000000000000 000000000000  0         
0010001300028P 0101102 000009000150 000000000000000409   11 2200409          0806201100000000000010000000002N30052011300000000000000000000000000000000000000000000000000000000000000000000000000000                         3000000090000000000 
0010001300029Q 011000000000000000Client                                  Mainstreet 138, Cidade Araci            Cidade Araci   12345678Los Angeles    Ca0000000000000000                                        000                            
0010001300030R 01000000000000000000000000000000000000000000000000000000000000000000000000                                                                                                              0000000000000000 000000000000  0         
0010001300028P 0101102 000009000150 000000000000000409   11 2200409          0806201100000000000010000000002N30052011300000000000000000000000000000000000000000000000000000000000000000000000000000                         3000000090000000000 
0010001300029Q 011000000000000000Client                                  Mainstreet 138, Cidade Araci            Cidade Araci   12345678Los Angeles    Ca0000000000000000                                        000                            
0010001300030R 01000000000000000000000000000000000000000000000000000000000000000000000000                                                                                                              0000000000000000 000000000000  0         
00100015         0000310000100000000000000000000000000000000000000000000000000000000000000000000000000000000000000000000000                                                                                                                     
00199999         000001000034000000                                                                                                                                                                                                             
