00100000         2241987747322350000000             01102 000000012345 0Stoq Roupas e Acessorios Ltda BANCO DO BRASIL                         10804201200120600000108300000                    00000000000000000000                             
00100011R0100042 20241987747322350000000             01102 000000012345 0Stoq Roupas e Acessorios Ltda                                                                                 000000000000000000000000                                 
0010001300001P 0101102 000000012345 000000000000000400   11 2200400          3005201100000000000010000000002N30052011100000000000000000000000230052011000000000012345000000000000000000000000000000                         3000000090000000000 
0010001300002Q 011000000000000000Client                                  Mainstreet 138, Compl                   Cidade Araci   12345678Los Angeles    Ca0000000000000000                                        000                            
0010001300003R 01000000000000000000000000000000000000000000000000200000000000000000001100                                                                                                              0000000000000000 000000000000  0         
0010001300004P 0101102 000000012345 000000000000000401   11 2200401          3105201100000000000010000000002N30052011100000000000000000000000231052011000000000012345000000000000000000000000000000                         3000000090000000000 
0010001300005Q 011000000000000000Client                                  Mainstreet 138, Compl                   Cidade Araci   12345678Los Angeles    Ca0000000000000000                                        000                            
0010001300006R 01000000000000000000000000000000000000000000000000200000000000000000001100                                                                                                              0000000000000000 000000000000  0         
0010001300007P 0101102 000000012345 000000000000000402   11 2200402          0106201100000000000010000000002N30052011100000000000000000000000201062011000000000012345000000000000000000000000000000                         3000000090000000000 
0010001300008Q 011000000000000000Client                                  Mainstreet 138, Compl                   Cidade Araci   12345678Los Angeles    Ca0000000000000000                                        000                            
0010001300009R 01000000000000000000000000000000000000000000000000200000000000000000001100                                                                                                              0000000000000000 000000000000  0         
0010001300010P 0101102 000000012345 000000000000000403   11 2200403          0206201100000000000010000000002N30052011100000000000000000000000202062011000000000012345000000000000000000000000000000                         3000000090000000000 
0010001300011Q 011000000000000000Client                                  Mainstreet 138, Compl                   Cidade Araci   12345678Los Angeles    Ca0000000000000000                                        000                            
0010001300012R 01000000000000000000000000000000000000000000000000200000000000000000001100                                                                                                              0000000000000000 000000000000  0         
0010001300013P 0101102 000000012345 000000000000000404   11 2200404          0306201100000000000010000000002N30052011100000000000000000000000203062011000000000012345000000000000000000000000000000                         3000000090000000000 
0010001300014Q 011000000000000000Client                                  Mainstreet 138, Compl                   Cidade Araci   12345678Los Angeles    Ca0000000000000000                                        000                            
0010001300015R 01000000000000000000000000000000000000000000000000200000000000000000001100                                                                                                              0000000000000000 000000000000  0         
0010001300016P 0101102 000000012345 000000000000000405   11 2200405          0406201100000000000010000000002N30052011100000000000000000000000204062011000000000012345000000000000000000000000000000                         3000000090000000000 
0010001300017Q 011000000000000000Client                                  Mainstreet 138, Compl                   Cidade Araci   12345678Los Angeles    Ca0000000000000000                                        000                            
0010001300018R 01000000000000000000000000000000000000000000000000200000000000000000001100                                                                                                              0000000000000000 000000000000  0         
0010001300019P 0101102 000000012345 000000000000000406   11 2200406          0506201100000000000010000000002N30052011100000000000000000000000205062011000000000012345000000000000000000000000000000                         3000000090000000000 
0010001300020Q 011000000000000000Client                                  Mainstreet 138, Compl                   Cidade Araci   12345678Los Angeles    Ca0000000000000000                                        000                            
0010001300021R 01000000000000000000000000000000000000000000000000200000000000000000001100                                                                                                              0000000000000000 000000000000  0         
0010001300022P 0101102 000000012345 000000000000000407   11 2200407          0606201100000000000010000000002N30052011100000000000000000000000206062011000000000012345000000000000000000000000000000                         3000000090000000000 
0010001300023Q 011000000000000000Client                                  Mainstreet 138, Compl                   Cidade Araci   12345678Los Angeles    Ca0000000000000000                                        000                            
0010001300024R 01000000000000000000000000000000000000000000000000200000000000000000001100                                                                                                              0000000000000000 000000000000  0         
0010001300025P 0101102 000000012345 000000000000000408   11 2200408          0706201100000000000010000000002N30052011100000000000000000000000207062011000000000012345000000000000000000000000000000                         3000000090000000000 
0010001300026Q 011000000000000000Client                                  Mainstreet 138, Compl                   Cidade Araci   12345678Los Angeles    Ca0000000000000000                                        000                            
0010001300027R 01000000000000000000000000000000000000000000000000200000000000000000001100                                                                                                              0000000000000000 000000000000  0         
0010001300028P 0101102 000000012345 000000000000000409   11 2200409          0806201100000000000010000000002N30052011100000000000000000000000208062011000000000012345000000000000000000000000000000                         3000000090000000000 
0010001300029Q 011000000000000000Client                                  Mainstreet 138, Compl                   Cidade Araci   12345678Los Angeles    Ca0000000000000000                                        000                            
0010001300030R 01000000000000000000000000000000000000000000000000200000000000000000001100                                                                                                              0000000000000000 000000000000  0         
00100015         0000310000100000000000000000000000000000000000000000000000000000000000000000000000000000000000000000000000                                                                                                                     
00199999         000001000034000000                                                                                                                                                                                                             
