10400000         2241987747322350000000000000000000001102 12345600000000Stoq Roupas e Acessorios Ltda CAIXA ECONOMICA FEDERAL                 10804201200120600000105000000                    00000000000000000000                             
10400011R0100030 20241987747322351234560000000000000001102 12345600000000Stoq Roupas e Acessorios Ltda                                                                                 000000000000000000000000                                 
1040001300001P 0101102 12345600000000000000000000000000001122200400          3005201100000000000010000000002N30052011100000000000000000000000230052011000000000012345000000000000000000000000000000                         3000000090000000000 
1040001300002Q 011000000000000000Client                                  Mainstreet 138, Compl                   Cidade Araci   12345678Los Angeles    Ca0000000000000000                                                                       
1040001300003R 01000000000000000000000000000000000000000000000000200000000000000000001100                                                                                                                                                       
1040001300004P 0101102 12345600000000000000000000000000001122200401          3105201100000000000010000000002N30052011100000000000000000000000231052011000000000012345000000000000000000000000000000                         3000000090000000000 
1040001300005Q 011000000000000000Client                                  Mainstreet 138, Compl                   Cidade Araci   12345678Los Angeles    Ca0000000000000000                                                                       
1040001300006R 01000000000000000000000000000000000000000000000000200000000000000000001100                                                                                                                                                       
1040001300007P 0101102 12345600000000000000000000000000001122200402          0106201100000000000010000000002N30052011100000000000000000000000201062011000000000012345000000000000000000000000000000                         3000000090000000000 
1040001300008Q 011000000000000000Client                                  Mainstreet 138, Compl                   Cidade Araci   12345678Los Angeles    Ca0000000000000000                                                                       
1040001300009R 01000000000000000000000000000000000000000000000000200000000000000000001100                                                                                                                                                       
1040001300010P 0101102 12345600000000000000000000000000001122200403          0206201100000000000010000000002N30052011100000000000000000000000202062011000000000012345000000000000000000000000000000                         3000000090000000000 
1040001300011Q 011000000000000000Client                                  Mainstreet 138, Compl                   Cidade Araci   12345678Los Angeles    Ca0000000000000000                                                                       
1040001300012R 01000000000000000000000000000000000000000000000000200000000000000000001100                                                                                                                                                       
1040001300013P 0101102 12345600000000000000000000000000001122200404          0306201100000000000010000000002N30052011100000000000000000000000203062011000000000012345000000000000000000000000000000                         3000000090000000000 
1040001300014Q 011000000000000000Client                                  Mainstreet 138, Compl                   Cidade Araci   12345678Los Angeles    Ca0000000000000000                                                                       
1040001300015R 01000000000000000000000000000000000000000000000000200000000000000000001100                                                                                                                                                       
1040001300016P 0101102 12345600000000000000000000000000001122200405          0406201100000000000010000000002N30052011100000000000000000000000204062011000000000012345000000000000000000000000000000                         3000000090000000000 
1040001300017Q 011000000000000000Client                                  Mainstreet 138, Compl                   Cidade Araci   12345678Los Angeles    Ca0000000000000000                                                                       
1040001300018R 01000000000000000000000000000000000000000000000000200000000000000000001100                                                                                                                                                       
1040001300019P 0101102 12345600000000000000000000000000001122200406          0506201100000000000010000000002N30052011100000000000000000000000205062011000000000012345000000000000000000000000000000                         3000000090000000000 
1040001300020Q 011000000000000000Client                                  Mainstreet 138, Compl                   Cidade Araci   12345678Los Angeles    Ca0000000000000000                                                                       
1040001300021R 01000000000000000000000000000000000000000000000000200000000000000000001100                                                                                                                                                       
1040001300022P 0101102 12345600000000000000000000000000001122200407          0606201100000000000010000000002N30052011100000000000000000000000206062011000000000012345000000000000000000000000000000                         3000000090000000000 
1040001300023Q 011000000000000000Client                                  Mainstreet 138, Compl                   Cidade Araci   12345678Los Angeles    Ca0000000000000000                                                                       
1040001300024R 01000000000000000000000000000000000000000000000000200000000000000000001100                                                                                                                                                       
1040001300025P 0101102 12345600000000000000000000000000001122200408          0706201100000000000010000000002N30052011100000000000000000000000207062011000000000012345000000000000000000000000000000                         3000000090000000000 
1040001300026Q 011000000000000000Client                                  Mainstreet 138, Compl                   Cidade Araci   12345678Los Angeles    Ca0000000000000000                                                                       
1040001300027R 01000000000000000000000000000000000000000000000000200000000000000000001100                                                                                                                                                       
1040001300028P 0101102 12345600000000000000000000000000001122200409          0806201100000000000010000000002N30052011100000000000000000000000208062011000000000012345000000000000000000000000000000                         3000000090000000000 
1040001300029Q 011000000000000000Client                                  Mainstreet 138, Compl                   Cidade Araci   12345678Los Angeles    Ca0000000000000000                                                                       
1040001300030R 01000000000000000000000000000000000000000000000000200000000000000000001100                                                                                                                                                       
10400015         000031000010000000000000000000000000000000000000000000000000000000000000000                                                                                                                                                    
10499999         000001000034                                                                                                                                                                                                                   
