10400000         2241987747322350000000000000000000001102 12345600000000Stoq Roupas e Acessorios Ltda CAIXA ECONOMICA FEDERAL                 10804201200120600000105000000                    00000000000000000000                             
10400011R0100030 20241987747322351234560000000000000001102 12345600000000Stoq Roupas e Acessorios Ltda                                                                                 000000000000000000000000                                 
1040001300028P 0101102 12345600000000000000000000000000001122200409          0806201100000000000010000000002N30052011100000000000000000000000208062011000000000000123000000000000000000000000000000                         3000000090000000000 
1040001300029Q 011000000000000000Client                                  Mainstreet 138                          Cidade Araci   12345678Los Angeles    Ca0000000000000000                                                                       
1040001300030R 01000000000000000000000000000000000000000000000000200000000000000000000011                                                                                                                                                       
1040001300028P 0101102 12345600000000000000000000000000001122200409          0806201100000000000010000000002N30052011100000000000000000000000208062011000000000000123000000000000000000000000000000                         3000000090000000000 
1040001300029Q 011000000000000000Client                                  Mainstreet 138                          Cidade Araci   12345678Los Angeles    Ca0000000000000000                                                                       
1040001300030R 01000000000000000000000000000000000000000000000000200000000000000000000011                                                                                                                                                       
1040001300028P 0101102 12345600000000000000000000000000001122200409          0806201100000000000010000000002N30052011100000000000000000000000208062011000000000000123000000000000000000000000000000                         3000000090000000000 
1040001300029Q 011000000000000000Client                                  Mainstreet 138                          Cidade Araci   12345678Los Angeles    Ca0000000000000000                                                                       
1040001300030R 01000000000000000000000000000000000000000000000000200000000000000000000011                                                                                                                                                       
1040001300028P 0101102 12345600000000000000000000000000001122200409          0806201100000000000010000000002N30052011100000000000000000000000208062011000000000000123000000000000000000000000000000                         3000000090000000000 
1040001300029Q 011000000000000000Client                                  Mainstreet 138                          Cidade Araci   12345678Los Angeles    Ca0000000000000000                                                                       
1040001300030R 01000000000000000000000000000000000000000000000000200000000000000000000011                                                                                                                                                       
1040001300028P 0101102 12345600000000000000000000000000001122200409          0806201100000000000010000000002N30052011100000000000000000000000208062011000000000000123000000000000000000000000000000                         3000000090000000000 
1040001300029Q 011000000000000000Client                                  Mainstreet 138                          Cidade Araci   12345678Los Angeles    Ca0000000000000000                                                                       
1040001300030R 01000000000000000000000000000000000000000000000000200000000000000000000011                                                                                                                                                       
1040001300028P 0101102 12345600000000000000000000000000001122200409          0806201100000000000010000000002N30052011100000000000000000000000208062011000000000000123000000000000000000000000000000                         3000000090000000000 
1040001300029Q 011000000000000000Client                                  Mainstreet 138                          Cidade Araci   12345678Los Angeles    Ca0000000000000000                                                                       
1040001300030R 01000000000000000000000000000000000000000000000000200000000000000000000011                                                                                                                                                       
1040001300028P 0101102 12345600000000000000000000000000001122200409          0806201100000000000010000000002N30052011100000000000000000000000208062011000000000000123000000000000000000000000000000                         3000000090000000000 
1040001300029Q 011000000000000000Client                                  Mainstreet 138                          Cidade Araci   12345678Los Angeles    Ca0000000000000000                                                                       
1040001300030R 01000000000000000000000000000000000000000000000000200000000000000000000011                                                                                                                                                       
1040001300028P 0101102 12345600000000000000000000000000001122200409          0806201100000000000010000000002N30052011100000000000000000000000208062011000000000000123000000000000000000000000000000                         3000000090000000000 
1040001300029Q 011000000000000000Client                                  Mainstreet 138                          Cidade Araci   12345678Los Angeles    Ca0000000000000000                                                                       
1040001300030R 01000000000000000000000000000000000000000000000000200000000000000000000011                                                                                                                                                       
1040001300028P 0101102 12345600000000000000000000000000001122200409          0806201100000000000010000000002N30052011100000000000000000000000208062011000000000000123000000000000000000000000000000                         3000000090000000000 
1040001300029Q 011000000000000000Client                                  Mainstreet 138                          Cidade Araci   12345678Los Angeles    Ca0000000000000000                                                                       
1040001300030R 01000000000000000000000000000000000000000000000000200000000000000000000011                                                                                                                                                       
1040001300028P 0101102 12345600000000000000000000000000001122200409          0806201100000000000010000000002N30052011100000000000000000000000208062011000000000000123000000000000000000000000000000                         3000000090000000000 
1040001300029Q 011000000000000000Client                                  Mainstreet 138                          Cidade Araci   12345678Los Angeles    Ca0000000000000000                                                                       
1040001300030R 01000000000000000000000000000000000000000000000000200000000000000000000011                                                                                                                                                       
10400015         000031000010000000000000000000000000000000000000000000000000000000000000000                                                                                                                                                    
10499999         000001000034                                                                                                                                                                                                                   
